<?xml version="1.0" encoding="UTF-8"?>
<record xmlns="http://www.loc.gov/MARC21/slim">
   <leader>02409cam a2200373 a 4500</leader>
   <controlfield tag="001">192245</controlfield>
   <controlfield tag="003">NjP</controlfield>
   <controlfield tag="005">20190705135732.0</controlfield>
   <controlfield tag="008">831122s1956    ir h          000 0 ara d</controlfield>
   <datafield tag="024" ind1="7" ind2=" ">
      <subfield code="a">princeton_aco004306</subfield>
      <subfield code="2">local</subfield>
   </datafield>
   <datafield ind1=" " ind2=" " tag="040">
      <subfield code="a">NjP</subfield>
      <subfield code="c">PUL</subfield>
      <subfield code="d">PUL</subfield>
   </datafield>
   <datafield ind1=" " ind2=" " tag="066">
      <subfield code="c">(3</subfield>
      <subfield code="c">(4</subfield>
   </datafield>
   <datafield ind1=" " ind2=" " tag="035">
      <subfield code="a">(CStRLIN)NJPG83-B78955</subfield>
   </datafield>
   <datafield ind1=" " ind2=" " tag="035">
      <subfield code="9">ABA7161TS</subfield>
   </datafield>
   <datafield ind1=" " ind2=" " tag="035">
      <subfield code="a">(NjP)192245</subfield>
   </datafield>
   <datafield ind1=" " ind2=" " tag="049">
      <subfield code="a">PULL</subfield>
   </datafield>
   <datafield ind1=" " ind2=" " tag="035">
      <subfield code="a">(OCoLC)ocm25338595</subfield>
   </datafield>
   <datafield ind1="0" ind2=" " tag="130">
      <subfield code="6">880-01</subfield>
      <subfield code="a">Ṣaḥīfah al-kāmilah.</subfield>
      <subfield code="0">http://id.loc.gov/authorities/names/n88292008</subfield>
   </datafield>
   <datafield ind1="1" ind2="3" tag="245">
      <subfield code="6">880-02</subfield>
      <subfield code="a">al-Ṣaḥīfah al-kāmilah al-sajjādīyah /</subfield>
      <subfield code="c">min inshāʼ al-imām al-rābʻ mawlānā al-Sajjād Zayn al-ʻĀbidīn ʻAlī ibn al-Ḥusayn... ; qūbilat wa-ṣuḥḥiḥat bi-kamāl al-diqqah ʻalá thalāth nuskh khaṭṭīyah... bi-Muḥammad Taqī al-Majlisī al-Awwal maʻahā muqaddimah... bi-Muḥammad Mashkūh... ʻaniyá bi-nashrihā... Muḥammad al-Ākhūndī.</subfield>
   </datafield>
   <datafield ind1=" " ind2=" " tag="260">
      <subfield code="6">880-03</subfield>
      <subfield code="a">Ṭihrān :</subfield>
      <subfield code="b">Markaz-i Furūsh-i Dar-i al-Kutub al-Islāmīyah,</subfield>
      <subfield code="c">[1956?]</subfield>
   </datafield>
   <datafield ind1=" " ind2=" " tag="300">
      <subfield code="a">16, 339 p. :</subfield>
      <subfield code="b">facsims. ;</subfield>
      <subfield code="c">11 cm.</subfield>
   </datafield>
   <datafield ind1=" " ind2=" " tag="500">
      <subfield code="a">Reproduced from ms.</subfield>
   </datafield>
   <datafield ind1=" " ind2=" " tag="504">
      <subfield code="a">Includes bibliographical references.</subfield>
   </datafield>
   <datafield ind1=" " ind2="0" tag="650">
      <subfield code="a">Shīʻah</subfield>
      <subfield code="x">Customs and practices</subfield>
      <subfield code="x">Early works to 1800.</subfield>
   </datafield>
   <datafield ind1="1" ind2=" " tag="700">
      <subfield code="6">880-04</subfield>
      <subfield code="a">Majlisī, Muḥammad Taqī ibn Maqṣūd ʻAlī,</subfield>
      <subfield code="d">1594 or 1595-1659 or 1660.</subfield>
      <subfield code="0">http://id.loc.gov/authorities/names/n88640634</subfield>
   </datafield>
   <datafield ind1="1" ind2=" " tag="700">
      <subfield code="a">Ākhūndī, Muḥammad.</subfield>
   </datafield>
   <datafield ind1="0" ind2=" " tag="700">
      <subfield code="6">880-05</subfield>
      <subfield code="a">Zayn al-ʻĀbidīn ʻAlī ibn al-Ḥusayn,</subfield>
      <subfield code="d">-710?</subfield>
      <subfield code="0">http://id.loc.gov/authorities/names/n84007864</subfield>
   </datafield>
   <datafield ind1="0" ind2=" " tag="880">
      <subfield code="6">130-01/(3/r</subfield>
      <subfield code="a">صحيفة الكاملة.</subfield>
   </datafield>
   <datafield ind1="1" ind2="2" tag="880">
      <subfield code="6">245-02/(3/r</subfield>
      <subfield code="a">الصحيفة الكاملة السجادية /</subfield>
      <subfield code="c">من انشاء الامام الرابع مولانا السجاد زين العابدين علي بن الحسين... ؛ قوبلة وصححة بكمال الدقة على ثلاث نسخ خطية... بمحمد تقي المجلسي الاول معها مقدمة... بمحمد مشكوه... عنيى بنشرها... محمد الاخوندي.</subfield>
   </datafield>
   <datafield ind1=" " ind2=" " tag="880">
      <subfield code="6">260-03/(3/r</subfield>
      <subfield code="a">طهران :</subfield>
      <subfield code="b">مرکز فروش در الکتب الاسلامية،</subfield>
      <subfield code="c">[1956؟]</subfield>
   </datafield>
   <datafield ind1="1" ind2=" " tag="880">
      <subfield code="6">700-00/(3/r</subfield>
      <subfield code="a">آخوندي، محمد.</subfield>
   </datafield>
   <datafield ind1="1" ind2=" " tag="880">
      <subfield code="6">700-04/(3/r</subfield>
      <subfield code="a">مجلسي، محمد تقي بن مقصود علي،</subfield>
      <subfield code="d">1594 or 1595-1659 or 1660.</subfield>
   </datafield>
   <datafield ind1="0" ind2=" " tag="880">
      <subfield code="6">700-05/(3/r</subfield>
      <subfield code="a">زين العابدين علي بن الحسين،</subfield>
      <subfield code="d">-710؟</subfield>
   </datafield>
   <datafield ind1=" " ind2=" " tag="994">
      <subfield code="a">C0</subfield>
      <subfield code="b">PUL</subfield>
   </datafield>
   <datafield ind1=" " ind2=" " tag="999">
      <subfield code="a">192245</subfield>
   </datafield>
   <datafield ind1=" " ind2=" " tag="979">
      <subfield code="a">(OCoLC)ocn175405702</subfield>
   </datafield>
   <datafield ind1="8" ind2="0" tag="852">
      <subfield code="0">211482</subfield>
      <subfield code="b">rcppa</subfield>
      <subfield code="t">1</subfield>
      <subfield code="h">2264.106745.379 1956s</subfield>
      <subfield code="x">tr fr f</subfield>
   </datafield>
   <datafield ind1=" " ind2=" " tag="959">
      <subfield code="a">2000-06-13 00:00:00 -0500</subfield>
   </datafield>
</record>
